@book{Tanenbaum,
author = {Tanenbaum, Andrew Stuart and Bos, Herbert},
title = {Modern Operating Systems},
year = {2014},
publisher = {Prentice Hall},
address = {New Jersey},
volume = {4},
pages = {701-704},
}

@article{Cracker,
author = {Munson, Laurent},
title = {What Are The Main Differences Between Hackers And Crackers},
year = {2013},
journal = {http://www.security-faqs.com/what-are-the-main-differences-between-hackers-and-crackers.html},
note = {Retrieved on November 13, 2014}
}

@article{Firewall,
author = {Parson, Adam},
title = {The Difference Between a Hardware Firewall and a Software Firewall},
year = {2014},
journal = {http://smallbusiness.chron.com/difference-between-hardware-firewall-software-firewall-65471.html},
note = {Retrieved on November 17, 2014}
}

@article{Firewall2,
author = {Pacchiano, R. V.},
title = {Firewall Debate: Hardware vs. Software},
year = {2012},
journal = {http://www.smallbusinesscomputing.com/webmaster/article.php/3103431/Firewall-Debate-Hardware-vs-Software.htm},
note = {Retrieved on November 13, 2014}
}

@book{Distributed,
author = {Coulouris, G. and  Dollimore, J. and Kindberg, T.  and Blair, G.},
title = {Distributed Systems},
year = {2012},
publisher = {Addison-Wesley},
address = {Boston},
volume = {5},
pages = {1},
}

@article{IDS,
author = {O'Leary, D. E.},
title = {Intrusion Detection Systems},
year = {2013},
journal = {https://msbfile03.usc.edu/digitalmeasures/ doleary/intellcont/Intrusion Detecion and Continuous Auditing-1.pdf},
}

@masterthesis{tr,
author = {Heady, R. and Luger, G. and Servilla, M. and Maccabe, A.},
title = {The Architecture of a Network Level Intrusion Detection System},
school = {University of New Mexico},
year = {1990},
month = {August},
}

@book{76,
author = {Tipton, H. F. and Krause, F.},
title = {Information Security Management Handbook},
year = {2007},
month = {may},
publisher = {CRC Press},
address = {Boca Raton},
volume = {6},
pages = {993-994},
}

@article{Snort,
author = {Carr, Jeffrey},
title = {Snort: Open Source Network Intrusion Prevention},
year = {2007},
month = {June},
journal = {http://www.esecurityplanet.com/network-security/Snort Open Source Network Intrusion Prevention 3681296.htm},
note = {Retrieved on November 20, 2014},
}

@book{Dos,
author = {Abliz, Mehmud},
title = {Internet Denial of Service Attacks and Defense Mechanisms},
publisher = {University of Pittsburg},
address = {Pittsburg},
year = {2011},
month = {March},
}

@book{Ddos,
author = {Lau, Felix and Rubin, Stuart H. and Smith, Michael H. and Trajkovic, Ljiljana},
title = {Distributed Denial of Service Attacks},
publisher = {Simon Fraser University},
address = {Burnaby},
year = {2013},
}

@article{osi,
author = {Kozierok, Charles M.},
title = {The TCP/IP Guide},
year = {2005},
month = {December},
journal = {http://www.tcpipguide.com/free/ t\_ApplicationLayerLayer7.htm},
note = {Retrieved on November 20, 2014},
}

@article{windowssecurity1,
author = {Kazienko, Przemyslaw and Dorosz Piotr},
title = {Intrusion Detection Systems (IDS) Part I - (network intrusions; attack symptoms; IDS tasks; and IDS architecture)},
year = {2004},
journal = {http://www.windowsecurity.com/articles-tutorials/intrusion\_detection/Intrusion-Detection-Systems-IDS-Part-I-network-intrusions-attack-symptoms-IDS-tasks-and-IDS-architecture.html},
note = {Retrieved on November 22, 2014},
}

@article{windowssecurity2,
author = {Kazienko, Przemyslaw and Dorosz Piotr},
title = {Intrusion Detection Systems (IDS) Part 2 - Classification; methods; techniques},
year = {2004},
journal = {http://www.windowsecurity.com/articles-tutorials/intrusion\_detection/IDS-Part2-Classification-methods-techniques.html},
note = {Retrieved on November 22, 2014},
}

@article{zero,
author = {Bradley, Tony},
title = {Zero Day Exploits},
year = {2014},
journal = {http://netsecurity.about.com/od/newsandeditorial1/a/aazeroday.htm},
note = {Retrieved on November 22, 2014},
}

@book{Roberto,
author = {Di Pietro, Roberto and Mancini, Luigi V.},
title = {Intrusion Detection Systems},
publisher = {Springer Science \& Business Media},
address = {Berlin},
year = {2008},
month = {March},
}

@book{CandS,
author = {Garcia-Teodoro, P. and Diaz-Verdejo, J. and Macia-Fernandez, G. and Vazquez, E.},
title = {Anomaly-based network intrusion detection: Techniques, systems and challenges},
publisher = {Universidad Politecnica de Madrid},
address = {Madrid},
year = {2008},
month = {August},
}

@article{Prom,
author = {Rouse, Margaret},
title = {Promiscuous mode},
year = {2008},
journal = {http://searchsecurity.techtarget.com/definition/promiscuous-mode},
note = {Retrieved on November 28, 2014},
}

@book{Host1,
author = {Bace, Rebecca},
title = {An Introduction to Intrusion Detection \& Assessment},
publisher = {Infidel Inc.},
year = {1998},
}

@book{Host2,
author = {Bace, Rebecca Gurley},
title = {Intrusion Detection},
publisher = {Macmillan Technical Publishing},
address = {New York},
year = {2000},
}

@book{Report,
author = {De Boer, Pieter and Pels, Martin},
title = {Host-Based Intrusion Detection Systems},
year = {2005},
}

@article{Sniffing,
author = {Shipley, Greg},
title = {Intrusion Detection, Take Two},
year = {1999},
journal = {http://www.networkcomputing.com/1023/1023f1.html},
note = {Retrieved on November 29, 2014},
}

@article{DIDS,
author = {Einwechter, Nathan},
title = {An Introduction To Distributed Intrusion Detection Systems},
journal = {http://www.symantec.com/connect/articles/introduction-distributed-intrusion-detection-systems},
year = {2001},
month = {January},
}